% This file was created with JabRef 2.9.2.
% Encoding: Cp1252

@ONLINE{oraclejsv,
  author = {Oracle},
  title = {Welche Systemvoraussetzungen gelten f{\"u}r Java?},
  url = {https://www.java.com/de/download/help/sysreq.xml},
  urldate = {17.01.2015}
}

@comment{jabref-entrytype: Online: req[;howpublished] opt[]}

