% This file was created with JabRef 2.9.2.
% Encoding: Cp1252

@BOOK{Balzert2008,
  title = {Lehrbuch der Softwaretechnik: Softwaremanagement (German Edition)},
  publisher = {Spektrum Akademischer Verlag},
  year = {2008},
  author = {Helmut Balzert},
  isbn = {3827411610},
  owner = {Studium},
  timestamp = {2013.05.13}
}

@BOOK{Beck1999,
  title = {Extreme Programming Explained: Embrace Change},
  publisher = {Addison-Wesley Professional},
  year = {1999},
  author = {Kent Beck},
  isbn = {0201616416},
  owner = {Studium},
  timestamp = {2013.05.13}
}

@INPROCEEDINGS{Begel2008,
  author = {Begel, Andrew and Nagappan, Nachiappan},
  title = {Pair programming: what's in it for me?},
  booktitle = {Proceedings of the Second ACM-IEEE international symposium on Empirical
	software engineering and measurement},
  year = {2008},
  series = {ESEM '08},
  pages = {120--128},
  address = {New York, NY, USA},
  publisher = {ACM},
  acmid = {1414026},
  isbn = {978-1-59593-971-5},
  keywords = {developers, empirical studies, pair programming, survey experiments},
  location = {Kaiserslautern, Germany},
  numpages = {9},
  owner = {Studium},
  timestamp = {2013.05.12}
}

@ARTICLE{Cockburn2000,
  author = {Cockburn, Alistair and Williams, Laurie},
  title = {The costs and benefits of pair programming},
  journal = {Extreme programming examined},
  year = {2000},
  pages = {223--247},
  owner = {Studium},
  publisher = {Addison--Wesley Publishing Co., Reading, MA, USA},
  timestamp = {2013.05.30}
}

@INPROCEEDINGS{Erdogmus1999,
  author = {Erdogmus, Hakan},
  title = {Comparative evaluation of software development strategies based on
	net present value},
  booktitle = {International Conference on Software Engineering Workshop on Economics-Driven
	Software Engineering},
  year = {1999},
  owner = {Studium},
  timestamp = {2013.05.23}
}

@BOOK{Humphrey1995,
  title = {A Discipline for Software Engineering},
  publisher = {Addison-Wesley Professional},
  year = {1995},
  author = {Watts S. Humphrey},
  __markedentry = {[Studium:6]},
  isbn = {0201546108},
  owner = {Studium},
  timestamp = {2013.05.30}
}

@BOOK{Lichter2005,
  title = {Bausteine des Software Engineering},
  publisher = {Dpunkt.Verlag GmbH},
  year = {2005},
  author = {Horst Lichter},
  isbn = {3898642682},
  owner = {Studium},
  timestamp = {2013.05.23}
}

@BOOK{Nonaka1997,
  title = {Die Organisation des Wissens.},
  publisher = {Campus Fachbuch},
  year = {1997},
  author = {Ikujiro Nonaka and Hirotaka Takeuchi},
  isbn = {3593356430},
  owner = {Studium},
  timestamp = {2013.05.21}
}

@ARTICLE{Nosek1998,
  author = {Nosek, John T},
  title = {The case for collaborative programming},
  journal = {Communications of the ACM},
  year = {1998},
  volume = {41},
  pages = {105--108},
  number = {3},
  __markedentry = {[Studium:]},
  owner = {Studium},
  publisher = {ACM},
  timestamp = {2013.05.30}
}

@INBOOK{Padberg2004,
  pages = {142-149},
  title = {Modeling the Impact of a Learning Phase on the Business Value of
	a Pair Programming Project},
  publisher = {Institute of Electrical and Electronics Engineers},
  year = {2004},
  author = {Padberg, F. and Muller, M.M.},
  booktitle = {11th Asia-Pacific Software Engineering Conference},
  isbn = {0-7695-2245-9},
  owner = {Studium},
  timestamp = {2013.05.20}
}

@INBOOK{Padberg2003,
  pages = {166-177},
  title = {Analyzing the cost and benefit of pair programming},
  publisher = {Institute of Electrical and Electronics Engineers},
  year = {2003},
  author = {Padberg, F. and Muller, M.M.},
  booktitle = {Proceedings. 5th International Workshop on Enterprise Networking
	and Computing in Healthcare Industry (IEEE Cat. No.03EX717)},
  isbn = {0-7695-1987-3},
  owner = {Studium},
  timestamp = {2013.05.19}
}

@ARTICLE{Robillard1999,
  author = {Robillard, Pierre N.},
  title = {The role of knowledge in software development},
  journal = {Communications of the ACM},
  year = {1999},
  volume = {42},
  pages = {87-92},
  number = {1},
  month = {Jan},
  owner = {Studium},
  publisher = {Association for Computing Machinery},
  timestamp = {2013.05.21}
}

@INBOOK{Sillitti2012,
  pages = {1094-1101},
  title = {Understanding the impact of Pair Programming on developers attention:
	A case study on a large industrial experimentation},
  publisher = {Institute of Electrical and Electronics Engineers},
  year = {2012},
  author = {Sillitti, Alberto and Succi, Giancarlo and Vlasenko, Jelena},
  month = {Jun},
  booktitle = {2012 34th International Conference on Software Engineering (ICSE)},
  isbn = {978-1-4673-1067-3},
  owner = {Studium},
  timestamp = {2013.05.19}
}

@BOOK{Williams2002,
  title = {Pair Programming Illuminated},
  publisher = {Addison-Wesley Professional},
  year = {2002},
  author = {Laurie Williams and Robert Kessler},
  isbn = {0201745763},
  owner = {Studium},
  timestamp = {2013.05.20}
}

@ARTICLE{Williams2000,
  author = {Williams, Laurie and Kessler, Robert R and Cunningham, Ward and Jeffries,
	Ron},
  title = {Strengthening the case for pair programming},
  journal = {Software, IEEE},
  year = {2000},
  volume = {17},
  pages = {19--25},
  number = {4},
  owner = {Studium},
  publisher = {IEEE},
  timestamp = {2013.05.30}
}

